@article{powell1991human,
  title={Human response to aircraft noise},
  author={Powell, Clemans A and Fields, James M},
  year={1991}
}

@article{von1972human,
  title={Human response to sonic boom in the laboratory and the community},
  author={Von Gierke, Henning E and Nixon, Charles W},
  journal={The Journal of the Acoustical Society of America},
  volume={51},
  number={2C},
  pages={766--782},
  year={1972},
  publisher={Acoustical Society of America}
}

@article{leatherwood2002summary,
  title={Summary of recent NASA studies of human response to sonic booms},
  author={Leatherwood, Jack D and Sullivan, Brenda M and Shepherd, Kevin P and McCurdy, David A and Brown, Sherilyn A},
  journal={The Journal of the Acoustical Society of America},
  volume={111},
  number={1},
  pages={586--598},
  year={2002},
  publisher={Acoustical Society of America}
}

@article{von1966effects,
  title={Effects of sonic boom on people: review and outlook},
  author={Von Gierke, Henning E},
  journal={The Journal of the Acoustical Society of America},
  volume={39},
  number={5B},
  pages={S43--S50},
  year={1966},
  publisher={Acoustical Society of America}
}

@article{sullivan2010human,
  title={Human response to low-intensity sonic booms heard indoors and outdoors},
  author={Sullivan, Brenda M and Klos, Jacob and Buehrle, Ralph D and McCurdy, David A and Haering Jr, Edward A},
  year={2010}
}

@article{von1957aircraft,
  title={Aircraft Noise Sources},
  author={Von Gierke, Henning E},
  journal={Handbook of Noise Control},
  note={Ch. 33, Cyril M. Harris, ed., McGraw-Hill Book Co., Inc},
  year={1957},
}

@inproceedings{nixon1965sonic,
  title={Sonic Boom, People and SST Operations: A Status Report},
  author={Nixon, CW},
  booktitle={Aerospace Medicine},
  volume={36},
  number={2 S 1},
  pages={170},
  year={1965},
  organization={Aerospace Medical Assoc 320 S Henry ST, Alexandria, VA 22314-3579}
}

@techreport{maglieri1961ground,
  title={Ground measurements of shock-wave pressure for fighter airplanes flying at very low altitudes and comments on associated response phenomena},
  author={Maglieri, Domenic J and Huckel, Vera and Parrott, Tony L},
  year={1961},
  institution={DTIC Document}
}

@techreport{nixon1968sonic,
  title={Sonic booms resulting from extremely low-altitude supersonic flight: measurements and observations on houses, livestock and people},
  author={Nixon, Charles W and Hille, Harald K and Sommer, HC and Guild, Elizabeth},
  year={1968},
  institution={DTIC Document}
}

@book{nixon1965results,
  title={Results of USAF-NASA-FAA Flight Program to study community responses to sonic booms in the Greater St. Louis area},
  author={Nixon, Charles W and Hubbard, Harvey H},
  year={1965},
  publisher={National Aeronautics and Space Administration}
}

@techreport{power1964sonic,
  title={Sonic Boom and Community Relations},
  author={Power, J Ko and Bates, George},
  year={1964},
  institution={DTIC Document}
}

@article{nixon1966effects,
  title={Effects of sonic boom on people: St. Louis, Missouri, 1961--1962},
  author={Nixon, Charles W and Borsky, Paul N},
  journal={The Journal of the Acoustical Society of America},
  volume={39},
  number={5B},
  pages={S51--S58},
  year={1966},
  publisher={Acoustical Society of America}
}

@article{stevens1961procedure,
  title={Procedure for calculating loudness: Mark VI},
  author={Stevens, SS},
  journal={The Journal of the Acoustical Society of America},
  volume={33},
  number={11},
  pages={1577--1585},
  year={1961},
  publisher={Acoustical Society of America}
}

@article{zwicker1966comparison,
  title={A Comparison of Methods for Calculating the Loudness Level},
  author={Zwicker, E},
  journal={Acta Acustica united with Acustica},
  volume={17},
  number={5},
  pages={278--284},
  year={1966},
  publisher={S. Hirzel Verlag}
}

@article{kryter1959scaling,
  title={Scaling human reactions to the sound from aircraft},
  author={Kryter, Karl D},
  journal={The Journal of the Acoustical Society of America},
  volume={31},
  number={11},
  pages={1415--1429},
  year={1959},
  publisher={Acoustical Society of America}
}

@article{stevens1972perceived,
  title={Perceived level of noise by Mark VII and decibels (E)},
  author={Stevens, SS},
  journal={The Journal of the Acoustical Society of America},
  volume={51},
  number={2B},
  pages={575--601},
  year={1972},
  publisher={Acoustical Society of America}
}

@article{noisestandards,
  title={Noise Standards: Aircraft Type Certification},
  journal={Fed. Regist.},
  volume={34},
  number={221},
  year={1969},
  pages={18364-18379}
}

@article{ollerhead1971evaluation,
  title={An evaluation of methods for scaling aircraft noise perception},
  author={Ollerhead, JB},
  year={1971},
  note={NASA CR-1883}
}
